@book{preuss,
  title={Foundations of Topology -- An Approach to Convenient Topology},
  author={Preuss, Gerhard},
  year={2002},
  publisher={Kluwer-Verlag},
  address={Dordrecht}
}

@book{bartsch,
  title={Allgemeine Topologie},
  author={Bartsch, Ren\'e},
  year={2015},
  publisher={De Gruyter},
  address={Berlin},
  edition={2.}
}
 
@book{brandenburg2016einfhrung,
address = {Berlin},
author = {Brandenburg, Martin},
edition = {1.},
year = {2016},
title = {Einführung in die Kategorientheorie: Mit ausführlichen Erklärungen und zahlreichen Beispielen},
publisher = {Springer-Verlag}
}

